@misc {
  ssigouv,
  author = "ANSSI",
  title = "référentiel général de sécurité",
  year = "2010",
  note = "www.ssi.gouv.fr/fr/reglementation-ssi/referentiel-general de securite"
}

@book {
  HAC,
  author = "Alfred J. Menezes, Paul C. van Oorschot et Scott A. Vanstone",
  editor = "CRC Press Inc.",
  title = "Handbook of applied cryptography",
  publisher = "CRC Press",
  year = "1997"
}

@article {
  OTPRfc,
  author = "N. Haller, C. Metz, P.Nesser et M. Straw",  
  title = "A One-Time password system",
  journal = "Request for comments",
  year = "1998",
  number = "2289"
}

@article {
  HOTPrfc,
  author = "D. M'Raihi, M. Bellare, F. Hoornaert, D. Naccache, O. Ranen",
  title = "HOTP : An HMAC-based One-Time Password algorithm",
  journal = "Request for comments",
  year = "2005",
  number = "4226"
}

@article {
  SSHOtp,
  author = "F. Cusack, M. Forssen",
  title = "Generic message exchange authentication for the secure shell protocol",
  journal = "Request for comments",
  year = "2006",
  number = "4256"
}

@article {
  EAP-POTP,
  author = "N. Nystroem",
  title = "The EAP protected One-Time Password protocol",
  journal = "Request for comments",
  year = "2007",
  number = "4793"
}

@article {
  TOTP,
  author = "D. M'Raihi, S. Machani, M. Pei, J. Rydell",
  title = "Time-base one-time password algorithm",
  journal = "Request for comments",
  year = "2011",
  number = "6238"
}

@misc {
  googleAuth,
  title = "Google Authenticator",
  note = "code.google.com/p/google-authenticator"
}

@misc {
  PAM,
  title = "linux-PAM",
  note = "www.linux-pam.org",
  year = "2014"
}


